
@article{chen2019software,
	title={Software defect number prediction: Unsupervised vs supervised methods},
	author={Chen, Xiang and Zhang, Dun and Zhao, Yingquan and Cui, Zhanqi and Ni, Chao},
	journal={Information and Software Technology},
	volume={106},
	pages={161--181},
	year={2019},
	publisher={Elsevier}
}

@article{bowes2018software,
	title={Software defect prediction: do different classifiers find the same defects?},
	author={Bowes, David and Hall, Tracy and Petri{\'c}, Jean},
	journal={Software Quality Journal},
	volume={26},
	number={2},
	pages={525--552},
	year={2018},
	publisher={Springer}
}

@article{lessmann2008benchmarking,
	title={Benchmarking classification models for software defect prediction: A proposed framework and novel findings},
	author={Lessmann, Stefan and Baesens, Bart and Mues, Christophe and Pietsch, Swantje},
	journal={IEEE Transactions on Software Engineering},
	volume={34},
	number={4},
	pages={485--496},
	year={2008},
	publisher={IEEE}
}

@article{manjula2019deep,
	title={Deep neural network based hybrid approach for software defect prediction using software metrics},
	author={Manjula, C and Florence, Lilly},
	journal={Cluster Computing},
	volume={22},
	number={4},
	pages={9847--9863},
	year={2019},
	publisher={Springer}
}

@article{ostrand2005predicting,
	title={Predicting the location and number of faults in large software systems},
	author={Ostrand, Thomas J and Weyuker, Elaine J and Bell, Robert M},
	journal={IEEE Transactions on Software Engineering},
	volume={31},
	number={4},
	pages={340--355},
	year={2005},
	publisher={IEEE}
}

@article{d2012evaluating,
	title={Evaluating defect prediction approaches: a benchmark and an extensive comparison},
	author={Dâ€™Ambros, Marco and Lanza, Michele and Robbes, Romain},
	journal={Empirical Software Engineering},
	volume={17},
	number={4-5},
	pages={531--577},
	year={2012},
	publisher={Springer}
}

@inproceedings{chen2015empirical,
	title={An empirical study on predicting defect numbers.},
	author={Chen, Mingming and Ma, Yutao},
	booktitle={SEKE},
	pages={397--402},
	year={2015}
}

@article{rathore2017empirical,
	title={An empirical study of some software fault prediction techniques for the number of faults prediction},
	author={Rathore, Santosh S and Kumar, Sandeep},
	journal={Soft Computing},
	volume={21},
	number={24},
	pages={7417--7434},
	year={2017},
	publisher={Springer}
}

@article{yang2018ridge,
	title={Ridge and lasso regression models for cross-version defect prediction},
	author={Yang, Xiaoxing and Wen, Wushao},
	journal={IEEE Transactions on Reliability},
	volume={67},
	number={3},
	pages={885--896},
	year={2018},
	publisher={IEEE}
}

@article{rathore2017towards,
	title={Towards an ensemble based system for predicting the number of software faults},
	author={Rathore, Santosh Singh and Kumar, Sandeep},
	journal={Expert Systems with Applications},
	volume={82},
	pages={357--382},
	year={2017},
	publisher={Elsevier}
}

@article{janes2006identification,
	title={Identification of defect-prone classes in telecommunication software systems using design metrics},
	author={Janes, Andrea and Scotto, Marco and Pedrycz, Witold and Russo, Barbara and Stefanovic, Milorad and Succi, Giancarlo},
	journal={Information sciences},
	volume={176},
	number={24},
	pages={3711--3734},
	year={2006},
	publisher={Elsevier}
}

@article{gao2007comprehensive,
	title={A comprehensive empirical study of count models for software fault prediction},
	author={Gao, Kehan and Khoshgoftaar, Taghi M},
	journal={IEEE Transactions on Reliability},
	volume={56},
	number={2},
	pages={223--236},
	year={2007},
	publisher={IEEE}
}

@inproceedings{fu2017revisiting,
	title={Revisiting unsupervised learning for defect prediction},
	author={Fu, Wei and Menzies, Tim},
	booktitle={Proceedings of the 2017 11th Joint Meeting on Foundations of Software Engineering},
	pages={72--83},
	year={2017}
}