
@article{chen2019software,
	title={Software defect number prediction: Unsupervised vs supervised methods},
	author={Chen, Xiang and Zhang, Dun and Zhao, Yingquan and Cui, Zhanqi and Ni, Chao},
	journal={Information and Software Technology},
	volume={106},
	pages={161--181},
	year={2019},
	publisher={Elsevier}
}

@article{bowes2018software,
	title={Software defect prediction: do different classifiers find the same defects?},
	author={Bowes, David and Hall, Tracy and Petri{\'c}, Jean},
	journal={Software Quality Journal},
	volume={26},
	number={2},
	pages={525--552},
	year={2018},
	publisher={Springer}
}

@article{lessmann2008benchmarking,
	title={Benchmarking classification models for software defect prediction: A proposed framework and novel findings},
	author={Lessmann, Stefan and Baesens, Bart and Mues, Christophe and Pietsch, Swantje},
	journal={IEEE Transactions on Software Engineering},
	volume={34},
	number={4},
	pages={485--496},
	year={2008},
	publisher={IEEE}
}

@article{manjula2019deep,
	title={Deep neural network based hybrid approach for software defect prediction using software metrics},
	author={Manjula, C and Florence, Lilly},
	journal={Cluster Computing},
	volume={22},
	number={4},
	pages={9847--9863},
	year={2019},
	publisher={Springer}
}

@article{ostrand2005predicting,
	title={Predicting the location and number of faults in large software systems},
	author={Ostrand, Thomas J and Weyuker, Elaine J and Bell, Robert M},
	journal={IEEE Transactions on Software Engineering},
	volume={31},
	number={4},
	pages={340--355},
	year={2005},
	publisher={IEEE}
}

@article{d2012evaluating,
	title={Evaluating defect prediction approaches: a benchmark and an extensive comparison},
	author={D’Ambros, Marco and Lanza, Michele and Robbes, Romain},
	journal={Empirical Software Engineering},
	volume={17},
	number={4-5},
	pages={531--577},
	year={2012},
	publisher={Springer}
}

@inproceedings{chen2015empirical,
	title={An empirical study on predicting defect numbers.},
	author={Chen, Mingming and Ma, Yutao},
	booktitle={SEKE},
	pages={397--402},
	year={2015}
}

@article{rathore2017empirical,
	title={An empirical study of some software fault prediction techniques for the number of faults prediction},
	author={Rathore, Santosh S and Kumar, Sandeep},
	journal={Soft Computing},
	volume={21},
	number={24},
	pages={7417--7434},
	year={2017},
	publisher={Springer}
}

@article{yang2018ridge,
	title={Ridge and lasso regression models for cross-version defect prediction},
	author={Yang, Xiaoxing and Wen, Wushao},
	journal={IEEE Transactions on Reliability},
	volume={67},
	number={3},
	pages={885--896},
	year={2018},
	publisher={IEEE}
}

@article{rathore2017towards,
	title={Towards an ensemble based system for predicting the number of software faults},
	author={Rathore, Santosh Singh and Kumar, Sandeep},
	journal={Expert Systems with Applications},
	volume={82},
	pages={357--382},
	year={2017},
	publisher={Elsevier}
}

@article{janes2006identification,
	title={Identification of defect-prone classes in telecommunication software systems using design metrics},
	author={Janes, Andrea and Scotto, Marco and Pedrycz, Witold and Russo, Barbara and Stefanovic, Milorad and Succi, Giancarlo},
	journal={Information sciences},
	volume={176},
	number={24},
	pages={3711--3734},
	year={2006},
	publisher={Elsevier}
}

@article{gao2007comprehensive,
	title={A comprehensive empirical study of count models for software fault prediction},
	author={Gao, Kehan and Khoshgoftaar, Taghi M},
	journal={IEEE Transactions on Reliability},
	volume={56},
	number={2},
	pages={223--236},
	year={2007},
	publisher={IEEE}
}

@inproceedings{fu2017revisiting,
	title={Revisiting unsupervised learning for defect prediction},
	author={Fu, Wei and Menzies, Tim},
	booktitle={Proceedings of the 2017 11th Joint Meeting on Foundations of Software Engineering},
	pages={72--83},
	year={2017}
}

@article{wolpert1992stacked,
	title={Stacked generalization},
	author={Wolpert, David H},
	journal={Neural networks},
	volume={5},
	number={2},
	pages={241--259},
	year={1992},
	publisher={Elsevier}
}

@article{gao2007comprehensive,
	title={A comprehensive empirical study of count models for software fault prediction},
	author={Gao, Kehan and Khoshgoftaar, Taghi M},
	journal={IEEE Transactions on Reliability},
	volume={56},
	number={2},
	pages={223--236},
	year={2007},
	publisher={IEEE}
}

@article{chidamber1994metrics,
	title={A metrics suite for object oriented design},
	author={Chidamber, Shyam R and Kemerer, Chris F},
	journal={IEEE Transactions on software engineering},
	volume={20},
	number={6},
	pages={476--493},
	year={1994},
	publisher={IEEE}
}

@article{bowes2018software,
	title={Software defect prediction: do different classifiers find the same defects?},
	author={Bowes, David and Hall, Tracy and Petri{\'c}, Jean},
	journal={Software Quality Journal},
	volume={26},
	number={2},
	pages={525--552},
	year={2018},
	publisher={Springer}
}

@article{zhou2007predicting,
	title={Predicting object-oriented software maintainability using multivariate adaptive regression splines},
	author={Zhou, Yuming and Leung, Hareton},
	journal={Journal of systems and software},
	volume={80},
	number={8},
	pages={1349--1361},
	year={2007},
	publisher={Elsevier}
}

@inproceedings{li2017software,
	title={Software defect prediction via convolutional neural network},
	author={Li, Jian and He, Pinjia and Zhu, Jieming and Lyu, Michael R},
	booktitle={2017 IEEE International Conference on Software Quality, Reliability and Security (QRS)},
	pages={318--328},
	year={2017},
	organization={IEEE}
}

@inproceedings{yang2016effort,
	title={Effort-aware just-in-time defect prediction: simple unsupervised models could be better than supervised models},
	author={Yang, Yibiao and Zhou, Yuming and Liu, Jinping and Zhao, Yangyang and Lu, Hongmin and Xu, Lei and Xu, Baowen and Leung, Hareton},
	booktitle={Proceedings of the 2016 24th ACM SIGSOFT International Symposium on Foundations of Software Engineering},
	pages={157--168},
	year={2016}
}

@inproceedings{fu2017revisiting,
	title={Revisiting unsupervised learning for defect prediction},
	author={Fu, Wei and Menzies, Tim},
	booktitle={Proceedings of the 2017 11th Joint Meeting on Foundations of Software Engineering},
	pages={72--83},
	year={2017}
}

@article{wang2016multiple,
	title={Multiple kernel ensemble learning for software defect prediction},
	author={Wang, Tiejian and Zhang, Zhiwu and Jing, Xiaoyuan and Zhang, Liqiang},
	journal={Automated Software Engineering},
	volume={23},
	number={4},
	pages={569--590},
	year={2016},
	publisher={Springer}
}

@article{zhang2017label,
	title={Label propagation based semi-supervised learning for software defect prediction},
	author={Zhang, Zhi-Wu and Jing, Xiao-Yuan and Wang, Tie-Jian},
	journal={Automated Software Engineering},
	volume={24},
	number={1},
	pages={47--69},
	year={2017},
	publisher={Springer}
}

@article{xu2019software,
	title={Software defect prediction based on kernel PCA and weighted extreme learning machine},
	author={Xu, Zhou and Liu, Jin and Luo, Xiapu and Yang, Zijiang and Zhang, Yifeng and Yuan, Peipei and Tang, Yutian and Zhang, Tao},
	journal={Information and Software Technology},
	volume={106},
	pages={182--200},
	year={2019},
	publisher={Elsevier}
}

@article{manjula2019deep,
	title={Deep neural network based hybrid approach for software defect prediction using software metrics},
	author={Manjula, C and Florence, Lilly},
	journal={Cluster Computing},
	volume={22},
	number={4},
	pages={9847--9863},
	year={2019},
	publisher={Springer}
}

@article{ostrand2005predicting,
	title={Predicting the location and number of faults in large software systems},
	author={Ostrand, Thomas J and Weyuker, Elaine J and Bell, Robert M},
	journal={IEEE Transactions on Software Engineering},
	volume={31},
	number={4},
	pages={340--355},
	year={2005},
	publisher={IEEE}
}

@article{janes2006identification,
	title={Identification of defect-prone classes in telecommunication software systems using design metrics},
	author={Janes, Andrea and Scotto, Marco and Pedrycz, Witold and Russo, Barbara and Stefanovic, Milorad and Succi, Giancarlo},
	journal={Information sciences},
	volume={176},
	number={24},
	pages={3711--3734},
	year={2006},
	publisher={Elsevier}
}

@article{gao2007comprehensive,
	title={A comprehensive empirical study of count models for software fault prediction},
	author={Gao, Kehan and Khoshgoftaar, Taghi M},
	journal={IEEE Transactions on Reliability},
	volume={56},
	number={2},
	pages={223--236},
	year={2007},
	publisher={IEEE}
}

@article{d2012evaluating,
	title={Evaluating defect prediction approaches: a benchmark and an extensive comparison},
	author={D’Ambros, Marco and Lanza, Michele and Robbes, Romain},
	journal={Empirical Software Engineering},
	volume={17},
	number={4-5},
	pages={531--577},
	year={2012},
	publisher={Springer}
}

@inproceedings{chen2015empirical,
	title={An empirical study on predicting defect numbers.},
	author={Chen, Mingming and Ma, Yutao},
	booktitle={SEKE},
	pages={397--402},
	year={2015}
}

@inproceedings{drucker1997support,
	title={Support vector regression machines},
	author={Drucker, Harris and Burges, Christopher JC and Kaufman, Linda and Smola, Alex J and Vapnik, Vladimir},
	booktitle={Advances in neural information processing systems},
	pages={155--161},
	year={1997}
}